<record><leader>00000cas a22000007a 4500</leader><controlfield tag="001">22788842</controlfield><controlfield tag="008">901207d19901990nhusr ne      0   a0eng d</controlfield><datafield ind1=" " ind2=" " tag="010"><subfield code="a">sn 90062663 </subfield></datafield><datafield ind1=" " ind2=" " tag="040"><subfield code="a">NHS</subfield><subfield code="b">eng</subfield><subfield code="c">NHS</subfield><subfield code="d">NVH</subfield><subfield code="d">OCLCQ</subfield></datafield><datafield ind1=" " ind2=" " tag="042"><subfield code="a">msc</subfield></datafield><datafield ind1=" " ind2=" " tag="092"><subfield code="a">709.742</subfield><subfield code="b">A7921</subfield></datafield><datafield ind1="0" ind2="0" tag="245"><subfield code="a">Arts &amp; events.</subfield></datafield><datafield ind1="3" ind2="0" tag="246"><subfield code="a">Arts and events</subfield></datafield><datafield ind1=" " ind2=" " tag="260"><subfield code="a">Manchester, N.H. :</subfield><subfield code="b">Laurentian Pub.</subfield></datafield><datafield ind1=" " ind2=" " tag="300"><subfield code="a">v.</subfield></datafield><datafield ind1=" " ind2=" " tag="310"><subfield code="a">Semimonthly</subfield></datafield><datafield ind1="0" ind2=" " tag="362"><subfield code="a">Vol. 1, no. 1 (Sept. 17, 1990) - v. 1, no. 6 (Dec. 16, 1990).</subfield></datafield><datafield ind1=" " ind2=" " tag="752"><subfield code="a">United States</subfield><subfield code="b">New Hampshire</subfield><subfield code="c">Hillsborough</subfield><subfield code="d">Manchester.</subfield></datafield></record>